glomus@penguin.2361:1602595209