@book{Darwin1859,
    title = {{On the Origin of Species}},
    year = {1859},
    author = {Darwin, Charles},
    publisher = {Murray, London}
}
                  
