@Article{drake,
    title = {The drake R package: a pipeline toolkit for reproducibility and high-performance computing},
    author = {William Michael Landau},
    journal = {Journal of Open Source Software},
    year = {2018},
    volume = {3},
    number = {21},
    url = {https://doi.org/10.21105/joss.00550},
}
                  

@Article{ecodist,
  title = {The ecodist package for dissimilarity-based analysis of ecological data},
  author = {Sarah C. Goslee and Dean L. Urban},
  journal = {Journal of Statistical Software},
  year = {2007},
  volume = {22},
  issue = {7},
  pages = {1-19},
}
@Manual{vegan,
  title = {vegan: Community Ecology Package},
  author = {Jari Oksanen and F. Guillaume Blanchet and Michael Friendly and Roeland Kindt and Pierre Legendre and Dan McGlinn and Peter R. Minchin and R. B. O'Hara and Gavin L. Simpson and Peter Solymos and M. Henry H. Stevens and Eduard Szoecs and Helene Wagner},
  year = {2019},
  note = {R package version 2.5-6},
  url = {https://CRAN.R-project.org/package=vegan},
}
@Manual{sna,
  title = {sna: Tools for Social Network Analysis},
  author = {Carter T. Butts},
  year = {2019},
  note = {R package version 2.5},
  url = {https://CRAN.R-project.org/package=sna},
}
@Manual{signnet,
  title = {signnet: An R package to analyze signed networks},
  author = {David Schoch},
  year = {2020},
  url = {https://github.com/schochastics/signnet},
}
